@article{DNN_Shreya,
    author = {Shreya Gupta},
    title = {Classification and Regression Hyperparameters Analysis on Real-World Datasets},
    year = {2025},
}

@article{DNN_Anirudh,
    author = {Anirudh Sharma},
    title = {A Comprehensive Report Covering a Comparative Analysis on variation over Different Hyperparameters of Different Machine Learning Problems like Regression and Classification},
    year = {2025},
}

@article{MML_Shreya,
    author = {Shreya Gupta},
    title = {Least Square Classifier Analysis for Iris Dataset},
    year = {2025},
}

@article{MML_Anirudh,
    author = {Anirudh Sharma},
    title = {Assignment on Iris Plant Specie Classification},
    year = {2025},
}